<?xml version="1.0" encoding="UTF-8"?><collection xmlns="http://www.loc.gov/MARC21/slim"><record><leader>00466nam--2200169-u-4500</leader><controlfield tag="001">000051799</controlfield><controlfield tag="002">20161230</controlfield><controlfield tag="005">20161230201049</controlfield><controlfield tag="008">081022s1000------------r-----000-0-eng-d</controlfield><datafield ind1=" " ind2=" " tag="040"><subfield code="a">IFIN-HH</subfield></datafield><datafield ind1=" " ind2=" " tag="080"><subfield code="a">517.956</subfield></datafield><datafield ind1="1" ind2=" " tag="100"><subfield code="a">Alinhac,Serge</subfield></datafield><datafield ind1="1" ind2="0" tag="245"><subfield code="a">1ere These:Problemes de Propagation Hyperboliques Singuliers. 2eme These:Suivant Proposition de la Faculte</subfield></datafield><datafield ind1=" " ind2=" " tag="260"><subfield code="a">Paris</subfield><subfield code="c">1975</subfield></datafield><datafield ind1=" " ind2=" " tag="300"><subfield code="a">42 p</subfield></datafield><datafield ind1=" " ind2=" " tag="852"><subfield code="a">44106</subfield><subfield code="c">517.9</subfield></datafield><datafield ind1=" " ind2=" " tag="CAT"><subfield code="a">Sys</subfield><subfield code="c">20081022</subfield><subfield code="h">104356</subfield></datafield></record></collection>